0115589    00000EUR2 98765432100  150519                                                  0000000001904}150519160519    

0415589916200000EUR2 98765432100B1160519  160519PRLV SEPA TEST CABINET           0000000000000000000322J                
0515589916200000EUR2 98765432100B1160519     LIBMENSUEAUHTR13133                                                        
0515589916200000EUR2 98765432100B1160519     LIBMENSUEAUHTR13DUP                                                        
0515589916200000EUR2 98765432100B1160519     REFREFERENCE                                                               
0515589916200000EUR2 98765432100B1160519     RCNOTHER REFERENCE                    PURPOSE                              
0515589916200000EUR2 98765432100B1160519     NPYINTERNET SFR                                                            
0515589916200000EUR2 98765432100B1160519     AAAINTERNETA AAA                                                           
0515589916200000EUR2 98765432100B1160519     AAAINTERNETA ABB                                                           
0515589916200000EUR2 98765432100B1160519     BBBINTERNETE BBB                                                           
0515589916200000EUR2 98765432100B1160519     CCCINTERNETI CCC                                                           

0415589916200000EUR2 98765432100B1160519  160519VIR  SEPA DEMONSTRATION          0000000000000000000107}REFERENCE       
0515589916200000EUR2 98765432100B1160519     NPYELEC ERDF                                                               

0415489011700000EUR2 9876543210062150519  150519 F COMMISSION D INTERVENTION     0000000100000000000079}                

0715489    00000EUR2 98765432100  160519                                                  0000000002412J                


0118706    00000EUR2 00123456789  160519                                                  0000000002412J160519170519    

0418706015800000EUR2 00123456789A3170519  150519PRLV SEPA GROUPAMA CEN           0000000 00000000000974I                
0518706015800000EUR2 00123456789A3170519     LIBP051928612   22793301700040                                             

0418706033700000EUR2 0012345678962150519  150519 F FRAIS PRLV IMP 97 49EUR       0000000100000000000121}                

0418706011700000EUR2 0012345678962160519  160519 F COMMISSION D INTERVENTION     0000000100000000000079}                

0718706    00000EUR2 00123456789  170519                                                  0000000001637K                
