0115589    00000EUR2 98765432100  150519                                                  0000000001904}150519160519    

0415589916200000EUR2 98765432100B1160519  160519VIR  SEPA DEMONSTRATION          0000000000000000000107}                
0515589916200000EUR2 98765432100B1160519     NPYELEC ERDF                                                               

0118706    00000EUR2 00123456789  160519                                                  0000000002412J160519170519    

0418706011700000EUR2 0012345678962160519  160519 F COMMISSION D INTERVENTION     0000000100000000000079}                

0718706    00000EUR2 00123456789  170519                                                  0000000001637K                
