0115589    00000EUR2 98765432100  150519                                                  0000000001904}150519160519    

0515589916200000EUR2 98765432100B1160519     LIBMENSUEAUHTR13133                                                        

0415589916200000EUR2 98765432100B1160519  160519VIR  SEPA DEMONSTRATION          0000000000000000000107}                
0515589916200000EUR2 98765432100B1160519     NPYELEC ERDF                                                               

0715489    00000EUR2 98765432100  160519                                                  0000000002412J                
